@article{WENDL2003249,
title = "Collision probability between sets of random variables",
journal = "Statistics \& Probability Letters",
volume = "64",
number = "3",
pages = "249 - 254",
year = "2003",
issn = "0167-7152",
doi = "https://doi.org/10.1016/S0167-7152(03)00168-8",
url = "http://www.sciencedirect.com/science/article/pii/S0167715203001688",
author = "Michael C. Wendl",
keywords = "Stirling numbers",
keywords = "Signed graphs"
}

@article{wall2014estimating,
  title={Estimating genotype error rates from high-coverage next-generation sequence data},
  author={Wall, Jeffrey D and Tang, Ling Fung and Zerbe, Brandon and Kvale, Mark N and Kwok, Pui-Yan and Schaefer, Catherine and Risch, Neil},
  journal={Genome research},
  volume={24},
  number={11},
  pages={1734--1739},
  year={2014},
  publisher={Cold Spring Harbor Lab}
}


@article{cohen2001finding,
  title={Finding interesting associations without support pruning},
  author={Cohen, Edith and Datar, Mayur and Fujiwara, Shinji and Gionis, Aristides and Indyk, Piotr and Motwani, Rajeev and Ullman, Jeffrey D and Yang, Cheng},
  journal={IEEE Transactions on Knowledge and Data Engineering},
  volume={13},
  number={1},
  pages={64--78},
  year={2001},
  publisher={IEEE}
}

@inproceedings{indyk1998approximate,
  title={Approximate nearest neighbors: towards removing the curse of dimensionality},
  author={Indyk, Piotr and Motwani, Rajeev},
  booktitle={Proceedings of the thirtieth annual ACM symposium on Theory of computing},
  pages={604--613},
  year={1998},
  organization={ACM}
}

@article{jbuhler,
author = {Buhler, Jeremy},
title = {Efficient large-scale sequence comparison by locality-sensitive

  hashing },
journal = {Bioinformatics},
volume = {17},
number = {5},
pages = {419-428},
year = {2001},
doi = {10.1093/bioinformatics/17.5.419},
URL = { + http://dx.doi.org/10.1093/bioinformatics/17.5.419},
eprint = {/oup/backfile/content_public/journal/bioinformatics/17/5/10.1093/bioinformatics/17.5.419/2/170419.pdf}
}